@article{einstein1905,
  author  = {Albert Einstein},
  title   = {Zur Elektrodynamik bewegter KÃ¶rper},
  journal = {Annalen der Physik},
  year    = {1905},
  volume  = {322},
  number  = {10},
  pages   = {891--921},
  doi     = {10.1002/andp.19053221004}
}

@book{knuth1984,
  author    = {Donald E. Knuth},
  title     = {The TeXbook},
  publisher = {Addison-Wesley},
  year      = {1984},
  address   = {Reading, Massachusetts},
  series    = {Computers and Typesetting},
  volume    = {A}
}